<?xml version="1.0" encoding="UTF-8"?><collection xmlns="http://www.loc.gov/MARC21/slim"><record><leader>00606nam--2200181-i-4500</leader><controlfield tag="001">000032088</controlfield><controlfield tag="002">20161230</controlfield><controlfield tag="005">20161230201039</controlfield><controlfield tag="008">060222s1000------------r-----000-0-eng-d</controlfield><datafield ind1=" " ind2=" " tag="040"><subfield code="a">IFIN-HH</subfield></datafield><datafield ind1=" " ind2=" " tag="080"><subfield code="a">536.423(061.3)</subfield></datafield><datafield ind1="1" ind2=" " tag="100"><subfield code="a">Malanowski, Stanislaw</subfield></datafield><datafield ind1="1" ind2="0" tag="245"><subfield code="a">Vapor-liquid equilibria in multicomponent systems</subfield><subfield code="b">International symposium, warszawa-jablonna, november 2-6, 1975</subfield><subfield code="c">Stanislaw malanowski; andrej szafranski (eds.)</subfield></datafield><datafield ind1=" " ind2=" " tag="260"><subfield code="a">Warszawa</subfield><subfield code="b">Polish Scientific Publishers</subfield><subfield code="c">1980</subfield></datafield><datafield ind1=" " ind2=" " tag="300"><subfield code="a">238P</subfield></datafield><datafield ind1="1" ind2=" " tag="700"><subfield code="a">Szafranski, Andrej</subfield><subfield code="e">Ed</subfield></datafield><datafield ind1=" " ind2=" " tag="852"><subfield code="a">48385</subfield><subfield code="c">536</subfield></datafield><datafield ind1=" " ind2=" " tag="CAT"><subfield code="a">Sys</subfield><subfield code="c">20110510</subfield><subfield code="h">113410</subfield></datafield></record></collection>